@misc{shepler2003network,
  title={Network file system (NFS) version 4 protocol},
  author={Shepler, Spencer and Callaghan, Brent and Robinson, David and Thurlow, Robert and Beame, Carl and Eisler, Mike and Noveck, David},
  year={2003},
  publisher={Tech. Rep. RFC 3530, IETF}
}

